<record><leader>00000cas a22000007a 4500</leader><controlfield tag="001">17462651</controlfield><controlfield tag="008">880211d189419uulauwr ne      0    0eng d</controlfield><datafield ind1=" " ind2=" " tag="010"><subfield code="a">sn 88064071 </subfield></datafield><datafield ind1=" " ind2=" " tag="040"><subfield code="a">LNP</subfield><subfield code="b">eng</subfield><subfield code="c">LNP</subfield><subfield code="d">OCLCQ</subfield><subfield code="d">OCLCF</subfield><subfield code="d">OCLCO</subfield></datafield><datafield ind1="1" ind2=" " tag="029"><subfield code="a">AU@</subfield><subfield code="b">000025823155</subfield></datafield><datafield ind1=" " ind2=" " tag="042"><subfield code="a">msc</subfield></datafield><datafield ind1=" " ind2=" " tag="043"><subfield code="a">n-us-la</subfield></datafield><datafield ind1="0" ind2=" " tag="130"><subfield code="a">Democratic record (Jackson, La.)</subfield></datafield><datafield ind1="1" ind2="4" tag="245"><subfield code="a">The Democratic record.</subfield></datafield><datafield ind1=" " ind2=" " tag="260"><subfield code="a">Jackson, La. :</subfield><subfield code="b">Hampton R. Singleton</subfield></datafield><datafield ind1=" " ind2=" " tag="310"><subfield code="a">Weekly</subfield></datafield><datafield ind1="1" ind2=" " tag="362"><subfield code="a">Began in 1894?</subfield></datafield><datafield ind1=" " ind2=" " tag="588"><subfield code="a">Description based on: Vol. 1, no. 44 (June 8, 1895).</subfield></datafield><datafield ind1=" " ind2="0" tag="651"><subfield code="a">Jackson (La.)</subfield><subfield code="v">Newspapers.</subfield></datafield><datafield ind1=" " ind2="7" tag="655"><subfield code="a">Newspapers.</subfield><subfield code="2">fast</subfield><subfield code="0">(OCoLC)fst01423814</subfield></datafield><datafield ind1=" " ind2="7" tag="651"><subfield code="a">Louisiana</subfield><subfield code="z">Jackson.</subfield><subfield code="2">fast</subfield><subfield code="0">(OCoLC)fst01229380</subfield></datafield><datafield ind1=" " ind2=" " tag="752"><subfield code="a">United States</subfield><subfield code="b">Louisiana</subfield><subfield code="c">East Feliciana</subfield><subfield code="d">Jackson.</subfield></datafield><datafield ind1="0" ind2="0" tag="785"><subfield code="t">Feliciana record</subfield><subfield code="w">(DLC)sn 88064072</subfield></datafield></record>